<record><leader>00000cas a22000007a 4500</leader><controlfield tag="001">11440331</controlfield><controlfield tag="008">841130d18981898mtudn ne      0    0eng d</controlfield><controlfield tag="009">4661</controlfield><datafield ind1=" " ind2=" " tag="010"><subfield code="a">sn 84036269 </subfield></datafield><datafield ind1=" " ind2=" " tag="040"><subfield code="a">MTL</subfield><subfield code="b">eng</subfield><subfield code="c">MTL</subfield><subfield code="d">OCLCQ</subfield></datafield><datafield ind1=" " ind2=" " tag="042"><subfield code="a">msc</subfield></datafield><datafield ind1="0" ind2="4" tag="245"><subfield code="a">The Silver advocate.</subfield></datafield><datafield ind1=" " ind2=" " tag="260"><subfield code="a">Helena, Mont. :</subfield><subfield code="b">[s.n.],</subfield><subfield code="c">1898.</subfield></datafield><datafield ind1=" " ind2=" " tag="300"><subfield code="a">1 v. ;</subfield><subfield code="c">45 cm.</subfield></datafield><datafield ind1=" " ind2=" " tag="310"><subfield code="a">Daily (except Sun.)</subfield></datafield><datafield ind1="0" ind2=" " tag="362"><subfield code="a">Vol. 1, no. 1 (Oct. 26, 1898)-v. 1, no. 12 (Nov. 8, 1898).</subfield></datafield><datafield ind1=" " ind2=" " tag="500"><subfield code="a">"The Silver Advocate takes pleasure in announcing that it is allied to neither of the two older [political] parties."</subfield></datafield><datafield ind1=" " ind2=" " tag="550"><subfield code="a">"Published by authority of the union of silver forces of Lewis and Clarke County."</subfield></datafield><datafield ind1=" " ind2=" " tag="752"><subfield code="a">United States</subfield><subfield code="b">Montana</subfield><subfield code="c">Lewis and Clark</subfield><subfield code="d">Helena.</subfield></datafield></record>